<record><leader>00000cas a22000007a 4500</leader><controlfield tag="001">11308749</controlfield><controlfield tag="008">841025d19181929caudn ne      0   a0eng d</controlfield><datafield ind1=" " ind2=" " tag="010"><subfield code="a">sn 96062880 </subfield></datafield><datafield ind1=" " ind2=" " tag="040"><subfield code="a">MSH</subfield><subfield code="b">eng</subfield><subfield code="c">MSH</subfield><subfield code="d">NSD</subfield><subfield code="d">CNK</subfield><subfield code="d">OCLCQ</subfield><subfield code="d">OCLCF</subfield><subfield code="d">OCLCO</subfield></datafield><datafield ind1="1" ind2=" " tag="029"><subfield code="a">AU@</subfield><subfield code="b">000014354778</subfield></datafield><datafield ind1=" " ind2=" " tag="042"><subfield code="a">msc</subfield></datafield><datafield ind1=" " ind2=" " tag="043"><subfield code="a">n-us-ca</subfield></datafield><datafield ind1="0" ind2="0" tag="245"><subfield code="a">Santa Monica evening outlook.</subfield></datafield><datafield ind1="3" ind2=" " tag="246"><subfield code="a">Evening outlook</subfield></datafield><datafield ind1="3" ind2=" " tag="246"><subfield code="a">Santa Monica evening outlook and telegram</subfield></datafield><datafield ind1="1" ind2="7" tag="246"><subfield code="a">Santa Monica outlook</subfield></datafield><datafield ind1=" " ind2=" " tag="260"><subfield code="a">Santa Monica, Calif. :</subfield><subfield code="b">S.E. De Rackin</subfield></datafield><datafield ind1=" " ind2=" " tag="300"><subfield code="a">v.</subfield></datafield><datafield ind1=" " ind2=" " tag="310"><subfield code="a">Daily (except Sun.)</subfield></datafield><datafield ind1="0" ind2=" " tag="362"><subfield code="a">Vol. 43, no. 54 (Aug. 10, 1918)-</subfield></datafield><datafield ind1="1" ind2=" " tag="362"><subfield code="a">Ceased in June 1929.</subfield></datafield><datafield ind1=" " ind2=" " tag="500"><subfield code="a">"Santa Monica" appears above masthead ornament. "And Telegram" appears below masthead ornament, July 3, 1922-Feb. 27, 1923.</subfield></datafield><datafield ind1=" " ind2=" " tag="500"><subfield code="a">Published in several neighborhood eds., &lt;1923&gt;</subfield></datafield><datafield ind1=" " ind2=" " tag="515"><subfield code="a">Vol. numbering is inconsistent with that of previous title.</subfield></datafield><datafield ind1=" " ind2="0" tag="651"><subfield code="a">Santa Monica (Calif.)</subfield><subfield code="v">Newspapers.</subfield></datafield><datafield ind1=" " ind2="7" tag="655"><subfield code="a">Newspapers.</subfield><subfield code="2">fast</subfield><subfield code="0">(OCoLC)fst01423814</subfield></datafield><datafield ind1=" " ind2="7" tag="651"><subfield code="a">California</subfield><subfield code="z">Santa Monica.</subfield><subfield code="2">fast</subfield><subfield code="0">(OCoLC)fst01204506</subfield></datafield><datafield ind1=" " ind2=" " tag="752"><subfield code="a">United States</subfield><subfield code="b">California</subfield><subfield code="c">Los Angeles</subfield><subfield code="d">Santa Monica.</subfield></datafield><datafield ind1="0" ind2=" " tag="775"><subfield code="t">Santa Monica evening outlook (Santa Monica, Calif. : Sawtelle ed.)</subfield><subfield code="w">(DLC)sn 98061305</subfield></datafield><datafield ind1="0" ind2=" " tag="775"><subfield code="t">Santa Monica evening outlook and Sawtelle tribune</subfield><subfield code="w">(DLC)sn 96062881</subfield></datafield><datafield ind1="0" ind2=" " tag="775"><subfield code="t">Santa Monica evening outlook, Sawtelle evening tribune</subfield><subfield code="w">(DLC)sn 96062883</subfield></datafield><datafield ind1="0" ind2=" " tag="775"><subfield code="t">Santa Monica evening outlook and Ocean Park bulletin</subfield><subfield code="w">(DLC)sn 96062882</subfield></datafield><datafield ind1="0" ind2=" " tag="775"><subfield code="t">Santa Monica evening outlook and West Los Angeles tribune</subfield><subfield code="w">(DLC)sn 96062884</subfield></datafield><datafield ind1="0" ind2=" " tag="775"><subfield code="t">Sawtelle evening tribune, the Santa Monica evening outlook</subfield><subfield code="w">(DLC)sn 96062885</subfield></datafield><datafield ind1="0" ind2=" " tag="775"><subfield code="t">Sunday morning outlook</subfield><subfield code="w">(DLC)sn 98061306</subfield></datafield><datafield ind1="0" ind2="0" tag="780"><subfield code="t">Santa Monica outlook (Santa Monica, Calif. : 1917)</subfield><subfield code="w">(DLC)sn 96062879</subfield></datafield><datafield ind1="0" ind2="0" tag="785"><subfield code="t">Evening outlook</subfield><subfield code="x">0889-826X</subfield><subfield code="w">(DLC)sn 86002230</subfield></datafield></record>